@article{biernacki2016model,
  title={Model-based clustering of multivariate ordinal data relying on a stochastic binary search algorithm},
  author={Biernacki, Christophe and Jacques, Julien},
  journal={Statistics and Computing},
  volume={26},
  pages={929--943},
  year={2016},
  publisher={Springer}
}

@inproceedings{skubacz2000quantization,
author = {Skubacz, Michal and Hollmén, Jaakko},
year = {2000},
month = {01},
pages = {42-47},
title = {Quantization of Continuous Input Variables for Binary Classification},
volume = {1983},
isbn = {978-3-540-41450-6},
doi = {10.1007/3-540-44491-2_7}
}

@misc{misc_zoo_111,
  author       = {Forsyth,Richard},
  title        = {{Zoo}},
  year         = {1990},
  howpublished = {UCI Machine Learning Repository},
  note         = {{DOI}: https://doi.org/10.24432/C5R59V}
}

@misc{misc_car_evaluation_19,
  author       = {Bohanec,Marko},
  title        = {{Car Evaluation}},
  year         = {1997},
  howpublished = {UCI Machine Learning Repository},
  note         = {{DOI}: https://doi.org/10.24432/C5JP48}
}

@misc{misc_hayes_roth_44,
  author       = {Hayes-Roth,Barbara and Hayes-Roth,Frederick},
  title        = {{Hayes-Roth}},
  year         = {1989},
  howpublished = {UCI Machine Learning Repository},
  note         = {{DOI}: https://doi.org/10.24432/C5501T}
}

@misc{misc_caesarian_section_classification_dataset_472,
  author       = {Amin,Muhammad and Ali,Amir},
  title        = {{Caesarian Section Classification Dataset}},
  year         = {2018},
  howpublished = {UCI Machine Learning Repository},
  note         = {{DOI}: https://doi.org/10.24432/C5N59X}
}

@article{steinley2004properties,
  title={Properties of the hubert-arable adjusted rand index.},
  author={Steinley, Douglas},
  journal={Psychological methods},
  volume={9},
  number={3},
  pages={386},
  year={2004},
  publisher={American Psychological Association}
}

@article{ramdas2017wasserstein,
  title={On wasserstein two-sample testing and related families of nonparametric tests},
  author={Ramdas, Aaditya and Garc{\'\i}a Trillos, Nicol{\'a}s and Cuturi, Marco},
  journal={Entropy},
  volume={19},
  number={2},
  pages={47},
  year={2017},
  publisher={MDPI}
}

@inproceedings{macqueen1967some,
  title={Some methods for classification and analysis of multivariate observations},
  author={MacQueen, James and others},
  booktitle={Proceedings of the fifth Berkeley symposium on mathematical statistics and probability},
  volume={1},
  number={14},
  pages={281--297},
  year={1967},
  organization={Oakland, CA, USA}
}

@article{reynolds2009gaussian,
  title={Gaussian mixture models.},
  author={Reynolds, Douglas A and others},
  journal={Encyclopedia of biometrics},
  volume={741},
  number={659-663},
  year={2009},
  publisher={Berlin, Springer}
}

@article{kuhn1955hungarian,
  title={The Hungarian method for the assignment problem},
  author={Kuhn, Harold W},
  journal={Naval research logistics quarterly},
  volume={2},
  number={1-2},
  pages={83--97},
  year={1955},
  publisher={Wiley Online Library}
}

@article{meng1997algorithm,
  title={The EM algorithm—an old folk-song sung to a fast new tune},
  author={Meng, Xiao-Li and Van Dyk, David},
  journal={Journal of the Royal Statistical Society Series B: Statistical Methodology},
  volume={59},
  number={3},
  pages={511--567},
  year={1997},
  publisher={Oxford University Press}
}

@article{van2008visualizing,
  title={Visualizing data using t-SNE.},
  author={Van der Maaten, Laurens and Hinton, Geoffrey},
  journal={Journal of machine learning research},
  volume={9},
  number={11},
  year={2008}
}

@article{selosse2021ordinalclust,
  title={ordinalClust: An R Package to Analyze Ordinal Data},
  author={Selosse, Margot and Jacques, Julien and Biernacki, Christophe},
  journal={The R Journal},
  volume={12},
  number={2},
  year={2021}
}

@misc{misc_nursery_76,
    author       = {Rajkovic,Vladislav},
    title        = {{Nursery}},
    year         = {1997},
    howpublished = {UCI Machine Learning Repository},
    note         = {{DOI}: https://doi.org/10.24432/C5P88W}
}


@book{agresti2010analysis,
  title={Analysis of ordinal categorical data},
  author={Agresti, Alan},
  volume={656},
  year={2010},
  publisher={John Wiley \& Sons}
}

@article{piccolo2019cumulative,
  title={Cumulative and CUB models for rating data: a comparative analysis},
  author={Piccolo, Domenico and Simone, Rosaria and Iannario, Maria},
  journal={International Statistical Review},
  volume={87},
  number={2},
  pages={207--236},
  year={2019},
  publisher={Wiley Online Library}
}

@article{mccullagh1980regression,
  title={Regression models for ordinal data},
  author={McCullagh, Peter},
  journal={Journal of the Royal Statistical Society: Series B (Methodological)},
  volume={42},
  number={2},
  pages={109--127},
  year={1980},
  publisher={Wiley Online Library}
}


@article{d2005mixture,
  title={A mixture model for preferences data analysis},
  author={D'Elia, Angela and Piccolo, Domenico},
  journal={Computational Statistics \& Data Analysis},
  volume={49},
  number={3},
  pages={917--934},
  year={2005},
  publisher={Elsevier}
}
@article{manisera2014modeling,
  title={Modeling rating data with nonlinear CUB models},
  author={Manisera, Marica and Zuccolotto, Paola},
  journal={Computational Statistics \& Data Analysis},
  volume={78},
  pages={100--118},
  year={2014},
  publisher={Elsevier}
}