@article{article,
author = {P.~Meer, J.M.~Jolion, and A.~Rosenfeld},
journal = {IEEE Transactions on Pattern Analysis and Machine
                  Intelligence},
number = {2},
pages = {216--223},
title = {A fast parallel algorithm for blind estimation of noise
                  variance},
volume = {12},
year = {1990},
doi = {10.1109/34.44408},
url = {http://dx.doi.org/10.1109/34.44408},
}

@unpublished{preprint,
author = {A.~Ciomaga, L.~Moisan, P.~Monasse, and J.M.~Morel},
note = {preprint},
title = {Image Curvature Microscope},
year = {2010},
url = {http://www.ipol.im/pub/pre/H4/},
}

@inproceedings{conference,
author = {D.~Zoran and Y.~Weiss},
booktitle = {Proceedings of the 13th International Conference on
                  Computer Vision (ICCV)},
note = {\url{http://dx.doi.org/10.1109/ICCV.2011.6126278}},
pages = {479â€“486},
title = {From learning models of natural image patches to whole image
                  restoration},
year = {2011},
}

@book{book,
author = {D.P.~Bertsekas},
note = {ISBN~1886529043},
publisher = {Academic Press},
title = {Constrained optimization and Lagrange multiplier methods},
year = {1982},
}

@book{turabian,
author = {K.~Turabian},
edition = {7th},
note = {ISBN~075698355X},
publisher = {The University of Chicago Press},
title = {A Manual for Writers of Research Papers, Theses, and
                  Dissertations},
year = {2007},
}

@book{merriam-webster,
edition = {11th},
editor = {Frederick~C.~Mish},
note = {ISBN~0877798095},
title = {Merriam-Webster's Collegiate Dictionary},
year = {2003},
}

@book{strunk-white,
author = {W.~Strunk and E.B.~White},
edition = {4th},
note = {ISBN~020530902X},
publisher = {Longman},
title = {The Elements of Style},
year = {1999},
}

@book{williams,
author = {J.~Williams},
edition = {3rd},
note = {ISBN~0205605354},
publisher = {Pearson Longman},
title = {Style --- The Basics of Clarity and Grace},
year = {2008},
}
